%
% nasledujici radky prevzaty z xampl.bib
%
@PREAMBLE{ "\newcommand{\noopsort}[1]{} "
        # "\newcommand{\printfirst}[2]{#1} "
        # "\newcommand{\singleletter}[1]{#1} "
        # "\newcommand{\switchargs}[2]{#2#1} " }

@ONLINE{Reichenstein:95proc-typography,
    author = "Oliver Reichenstein",
    title = "Reactions to 95\,\% Typography",
    year = "2006",
    cited = "13.\,4.\,2009",
    publisher = "Information Architects",
    url = "http://sux.cz/88a"
}

@ONLINE{thePacketGeek:sniffing,
    author = "Mat",
    title = "Scapy Sniffing with Custom Actions",
    year = "2013",
    cited = "28.\,11.\,2014",
    url = "http://thepacketgeek.com/series/scapy-sniffing-with-custom-actions/"
}

@ONLINE{thePacketGeek:packets,
    author = "Mat",
    title = "Looking at Packets",
    year = "2013",
    cited = "28.\,11.\,2014",
    url = "http://thepacketgeek.com/scapy-p-04-looking-at-packets/"
}

@ONLINE{scapy:doc,
    author = "Philippe Biondi",
    title = "Scapy documentation",
    cited = "28.\,11.\,2014",
    url = "http://www.secdev.org/projects/scapy/files/scapydoc.pdf"
}

@ONLINE{RFC7230,
  author =       "R. Fielding, Ed. and J. Reschke, Ed.",
  title =        "{RFC 7230}: Hypertext Transfer Protocol (HTTP/1.1): Message Syntax and Routing",
  month =        June,
  year =         "2014",
  cited = "30.\,11.\,2014",
  bibsource =    "http://www.math.utah.edu/pub/tex/bib/rfc.bib",
  URL =          "http://www.rfc-editor.org/rfc/rfc7230.txt",
}

@ONLINE{RFC7231,
  author =       "R. Fielding, Ed. and J. Reschke, Ed.",
  title =        "{RFC 7231}: Hypertext Transfer Protocol (HTTP/1.1): Semantics and Content",
  month =        June,
  year =         "2014",
  cited = "30.\,11.\,2014",
  bibsource =    "http://www.math.utah.edu/pub/tex/bib/rfc.bib",
  URL =          "http://www.rfc-editor.org/rfc/rfc7231.txt",
}

@ONLINE{RFC2616,
  author =       "R. Fielding and J. Gettys and J. Mogul and H. Frystyk and L. Masinter and P. Leach and T. Berners-Lee",
  title =        "{RFC 2616}: Hypertext Transfer Protocol -- HTTP/1.1",
  month =        June,
  year =         "1999"
  cited = "30.\,11.\,2014",
  bibsource =    "http://www.math.utah.edu/pub/tex/bib/rfc.bib",
  URL =          "http://www.rfc-editor.org/rfc/rfc2616.txt",
}

