%
% nasledujici radky prevzaty z xampl.bib
%
@PREAMBLE{ "\newcommand{\noopsort}[1]{} "
        # "\newcommand{\printfirst}[2]{#1} "
        # "\newcommand{\singleletter}[1]{#1} "
        # "\newcommand{\switchargs}[2]{#2#1} " }

@ONLINE{320Volt:SampleCode,
    author = "M Smertneck and W. Goh",
    title = "ADC12, Repeated Single Channel Conversions",
    year = "2008",
    cited = "18.\,12\,2014",
    url = "http://320volt.com/wp-content/uploads/2010/10/msp430x54x_adc12_07.c.html"
}

@ONLINE{TI:UserGuide,
    author = "TI",
    title = "MSP430x1xx Family User's Guide",
    year = "2006",
    cited = "18.\,12.\,2014",
    url = "http://www.ti.com/lit/ug/slau049f/slau049f.pdf"
}

@ONLINE{FITkit,
    author = "Zdeněk VAŠÍČEK",
    title = "FITkit",
    year = "2014",
    cited = "18.\,12.\,2014",
    url = "https://merlin.fit.vutbr.cz/FITkit/"
}

@misc{ wiki:Delic,
    author = "Wikipedie",
    title = "Dělič napětí --- Wikipedie: Otevřená encyklopedie",
    year = "2014",
    url = "http://cs.wikipedia.org/w/index.php?title=D%C4%9Bli%C4%8D_nap%C4%9Bt%C3%AD&oldid=11604376",
    note = "[Online; navštíveno 18. 12. 2014]"
}

@ONLINE{RFC7230,
  author =       "R. Fielding, Ed. and J. Reschke, Ed.",
  title =        "{RFC 7230}: Hypertext Transfer Protocol (HTTP/1.1): Message Syntax and Routing",
  month =        June,
  year =         "2014",
  cited = "30.\,11.\,2014",
  bibsource =    "http://www.math.utah.edu/pub/tex/bib/rfc.bib",
  URL =          "http://www.rfc-editor.org/rfc/rfc7230.txt",
}

@ONLINE{RFC7231,
  author =       "R. Fielding, Ed. and J. Reschke, Ed.",
  title =        "{RFC 7231}: Hypertext Transfer Protocol (HTTP/1.1): Semantics and Content",
  month =        June,
  year =         "2014",
  cited = "30.\,11.\,2014",
  bibsource =    "http://www.math.utah.edu/pub/tex/bib/rfc.bib",
  URL =          "http://www.rfc-editor.org/rfc/rfc7231.txt",
}

@ONLINE{RFC2616,
  author =       "R. Fielding and J. Gettys and J. Mogul and H. Frystyk and L. Masinter and P. Leach and T. Berners-Lee",
  title =        "{RFC 2616}: Hypertext Transfer Protocol -- HTTP/1.1",
  month =        June,
  year =         "1999"
  cited = "30.\,11.\,2014",
  bibsource =    "http://www.math.utah.edu/pub/tex/bib/rfc.bib",
  URL =          "http://www.rfc-editor.org/rfc/rfc2616.txt",
}

